@article{Bjarnason13,
	title = {Temporal phase correction of multiple echo {T}2 magnetic resonance images},
	volume = {231},
	issn = {10907807},
	url = {https://linkinghub.elsevier.com/retrieve/pii/S1090780713000761},
	doi = {10.1016/j.jmr.2013.02.019},
	language = {en},
	urldate = {2019-05-10},
	journal = {Journal of Magnetic Resonance},
	author = {Bjarnason, Thorarin A. and Laule, Cornelia and Bluman, Joel and Kozlowski, Piotr},
	month = jun,
	year = {2013},
	pages = {22--31},
	file = {Bjarnason et al. - 2013 - Temporal phase correction of multiple echo T2 magn.pdf:C\:\\Users\\fgrelard\\Zotero\\storage\\KSJZHFLT\\Bjarnason et al. - 2013 - Temporal phase correction of multiple echo T2 magn.pdf:application/pdf}
}

@incollection{Wiest08,
	address = {Berlin, Heidelberg},
	title = {Rician {Noise} {Removal} by {Non}-{Local} {Means} {Filtering} for {Low} {Signal}-to-{Noise} {Ratio} {MRI}: {Applications} to {DT}-{MRI}},
	volume = {5242},
	isbn = {978-3-540-85989-5 978-3-540-85990-1},
	shorttitle = {Rician {Noise} {Removal} by {Non}-{Local} {Means} {Filtering} for {Low} {Signal}-to-{Noise} {Ratio} {MRI}},
	url = {http://link.springer.com/10.1007/978-3-540-85990-1_21},
	urldate = {2019-05-10},
	booktitle = {Medical {Image} {Computing} and {Computer}-{Assisted} {Intervention}  {MICCAI} 2008},
	publisher = {Springer Berlin Heidelberg},
	author = {Wiest-Daesslé, Nicolas and Prima, Sylvain and Coupé, Pierrick and Morrissey, Sean Patrick and Barillot, Christian},
	editor = {Metaxas, Dimitris and Axel, Leon and Fichtinger, Gabor and Székely, Gábor},
	year = {2008},
	doi = {10.1007/978-3-540-85990-1_21},
	pages = {171--179}
}
